@misc{kingma2017,
  title         = {Adam: A Method for Stochastic Optimization},
  author        = {Diederik P. Kingma and Jimmy Ba},
  year          = {2017},
  eprint        = {1412.6980},
  archiveprefix = {arXiv},
  primaryclass  = {cs.LG},
  url           = {https://arxiv.org/abs/1412.6980}
}

@misc{frazier2018,
  title         = {A Tutorial on Bayesian Optimization},
  author        = {Peter I. Frazier},
  year          = {2018},
  eprint        = {1807.02811},
  archiveprefix = {arXiv},
  primaryclass  = {stat.ML},
  url           = {https://arxiv.org/abs/1807.02811}
}

@misc{alam2020,
  title         = {Genetic Algorithm: Reviews, Implementations, and Applications},
  author        = {Tanweer Alam and Shamimul Qamar and Amit Dixit and Mohamed Benaida},
  year          = {2020},
  eprint        = {2007.12673},
  archiveprefix = {arXiv},
  primaryclass  = {cs.OH},
  url           = {https://arxiv.org/abs/2007.12673}
}