@article{Biamonte_2017,
  title     = {Quantum machine learning},
  volume    = {549},
  issn      = {1476-4687},
  url       = {http://dx.doi.org/10.1038/nature23474},
  doi       = {10.1038/nature23474},
  number    = {7671},
  journal   = {Nature},
  publisher = {Springer Science and Business Media LLC},
  author    = {Biamonte, Jacob and Wittek, Peter and Pancotti, Nicola and Rebentrost, Patrick and Wiebe, Nathan and Lloyd, Seth},
  year      = {2017},
  month     = sep,
  pages     = {195–202}
}

@article{Roffe_2019,
  title     = {Quantum error correction: an introductory guide},
  volume    = {60},
  issn      = {1366-5812},
  url       = {http://dx.doi.org/10.1080/00107514.2019.1667078},
  doi       = {10.1080/00107514.2019.1667078},
  number    = {3},
  journal   = {Contemporary Physics},
  publisher = {Informa UK Limited},
  author    = {Roffe, Joschka},
  year      = {2019},
  month     = jul,
  pages     = {226–245}
}

@article{Sweke_2021,
  title     = {On the Quantum versus Classical Learnability of Discrete Distributions},
  volume    = {5},
  issn      = {2521-327X},
  url       = {http://dx.doi.org/10.22331/q-2021-03-23-417},
  doi       = {10.22331/q-2021-03-23-417},
  journal   = {Quantum},
  publisher = {Verein zur Forderung des Open Access Publizierens in den Quantenwissenschaften},
  author    = {Sweke, Ryan and Seifert, Jean-Pierre and Hangleiter, Dominik and Eisert, Jens},
  year      = {2021},
  month     = mar,
  pages     = {417}
}

@article{Liu_2021,
  title     = {A rigorous and robust quantum speed-up in supervised machine learning},
  volume    = {17},
  issn      = {1745-2481},
  url       = {http://dx.doi.org/10.1038/s41567-021-01287-z},
  doi       = {10.1038/s41567-021-01287-z},
  number    = {9},
  journal   = {Nature Physics},
  publisher = {Springer Science and Business Media LLC},
  author    = {Liu, Yunchao and Arunachalam, Srinivasan and Temme, Kristan},
  year      = {2021},
  month     = jul,
  pages     = {1013–1017}
}

@article{Jerbi_2021,
  title     = {Quantum Enhancements for Deep Reinforcement Learning in Large Spaces},
  volume    = {2},
  issn      = {2691-3399},
  url       = {http://dx.doi.org/10.1103/PRXQuantum.2.010328},
  doi       = {10.1103/prxquantum.2.010328},
  number    = {1},
  journal   = {PRX Quantum},
  publisher = {American Physical Society (APS)},
  author    = {Jerbi, Sofiene and Trenkwalder, Lea M. and Poulsen Nautrup, Hendrik and Briegel, Hans J. and Dunjko, Vedran},
  year      = {2021},
  month     = feb
}

@misc{shor,
  title         = {Fault-tolerant quantum computation},
  author        = {Peter W. Shor},
  year          = {1997},
  eprint        = {quant-ph/9605011},
  archiveprefix = {arXiv},
  primaryclass  = {quant-ph},
  url           = {https://arxiv.org/abs/quant-ph/9605011}
}

@article{Preskill_2018,
  title     = {Quantum Computing in the NISQ era and beyond},
  volume    = {2},
  issn      = {2521-327X},
  url       = {http://dx.doi.org/10.22331/q-2018-08-06-79},
  doi       = {10.22331/q-2018-08-06-79},
  journal   = {Quantum},
  publisher = {Verein zur Forderung des Open Access Publizierens in den Quantenwissenschaften},
  author    = {Preskill, John},
  year      = {2018},
  month     = aug,
  pages     = {79}
}

@article{Cerezo_2021,
  title     = {Variational quantum algorithms},
  volume    = {3},
  issn      = {2522-5820},
  url       = {http://dx.doi.org/10.1038/s42254-021-00348-9},
  doi       = {10.1038/s42254-021-00348-9},
  number    = {9},
  journal   = {Nature Reviews Physics},
  publisher = {Springer Science and Business Media LLC},
  author    = {Cerezo, M. and Arrasmith, Andrew and Babbush, Ryan and Benjamin, Simon C. and Endo, Suguru and Fujii, Keisuke and McClean, Jarrod R. and Mitarai, Kosuke and Yuan, Xiao and Cincio, Lukasz and Coles, Patrick J.},
  year      = {2021},
  month     = aug,
  pages     = {625–644}
}

@misc{bowles2024betterclassicalsubtleart,
  title         = {Better than classical? The subtle art of benchmarking quantum machine learning models},
  author        = {Joseph Bowles and Shahnawaz Ahmed and Maria Schuld},
  year          = {2024},
  eprint        = {2403.07059},
  archiveprefix = {arXiv},
  primaryclass  = {quant-ph},
  url           = {https://arxiv.org/abs/2403.07059}
}

@misc{dehghani2021benchmarklottery,
  title         = {The Benchmark Lottery},
  author        = {Mostafa Dehghani and Yi Tay and Alexey A. Gritsenko and Zhe Zhao and Neil Houlsby and Fernando Diaz and Donald Metzler and Oriol Vinyals},
  year          = {2021},
  eprint        = {2107.07002},
  archiveprefix = {arXiv},
  primaryclass  = {cs.LG},
  url           = {https://arxiv.org/abs/2107.07002}
}

@article{Sterkenburg_2021,
  title     = {The no-free-lunch theorems of supervised learning},
  volume    = {199},
  issn      = {1573-0964},
  url       = {http://dx.doi.org/10.1007/s11229-021-03233-1},
  doi       = {10.1007/s11229-021-03233-1},
  number    = {3–4},
  journal   = {Synthese},
  publisher = {Springer Science and Business Media LLC},
  author    = {Sterkenburg, Tom F. and Grünwald, Peter D.},
  year      = {2021},
  month     = jun,
  pages     = {9979–10015}
}

@misc{gilfuster2024relationtrainabilitydequantizationvariational,
  title         = {On the relation between trainability and dequantization of variational quantum learning models},
  author        = {Elies Gil-Fuster and Casper Gyurik and Adrián Pérez-Salinas and Vedran Dunjko},
  year          = {2024},
  eprint        = {2406.07072},
  archiveprefix = {arXiv},
  primaryclass  = {quant-ph},
  url           = {https://arxiv.org/abs/2406.07072}
}

@misc{larocca2024reviewbarrenplateausvariational,
  title         = {A Review of Barren Plateaus in Variational Quantum Computing},
  author        = {Martin Larocca and Supanut Thanasilp and Samson Wang and Kunal Sharma and Jacob Biamonte and Patrick J. Coles and Lukasz Cincio and Jarrod R. McClean and Zoë Holmes and M. Cerezo},
  year          = {2024},
  eprint        = {2405.00781},
  archiveprefix = {arXiv},
  primaryclass  = {quant-ph},
  url           = {https://arxiv.org/abs/2405.00781}
}

@misc{ragone2023unifiedtheorybarrenplateaus,
  title         = {A Unified Theory of Barren Plateaus for Deep Parametrized Quantum Circuits},
  author        = {Michael Ragone and Bojko N. Bakalov and Frédéric Sauvage and Alexander F. Kemper and Carlos Ortiz Marrero and Martin Larocca and M. Cerezo},
  year          = {2023},
  eprint        = {2309.09342},
  archiveprefix = {arXiv},
  primaryclass  = {quant-ph},
  url           = {https://arxiv.org/abs/2309.09342}
}

@article{Ballarin_2023,
  title     = {Entanglement entropy production in Quantum Neural Networks},
  volume    = {7},
  issn      = {2521-327X},
  url       = {http://dx.doi.org/10.22331/q-2023-05-31-1023},
  doi       = {10.22331/q-2023-05-31-1023},
  journal   = {Quantum},
  publisher = {Verein zur Forderung des Open Access Publizierens in den Quantenwissenschaften},
  author    = {Ballarin, Marco and Mangini, Stefano and Montangero, Simone and Macchiavello, Chiara and Mengoni, Riccardo},
  year      = {2023},
  month     = may,
  pages     = {1023}
}

@misc{hubregtsen2020,
  title         = {Evaluation of Parameterized Quantum Circuits: on the relation between classification accuracy, expressibility and entangling capability},
  author        = {Thomas Hubregtsen and Josef Pichlmeier and Patrick Stecher and Koen Bertels},
  year          = {2020},
  eprint        = {2003.09887},
  archiveprefix = {arXiv},
  primaryclass  = {quant-ph},
  url           = {https://arxiv.org/abs/2003.09887}
}

@article{Holmes_2022,
  title     = {Connecting Ansatz Expressibility to Gradient Magnitudes and Barren Plateaus},
  volume    = {3},
  issn      = {2691-3399},
  url       = {http://dx.doi.org/10.1103/PRXQuantum.3.010313},
  doi       = {10.1103/prxquantum.3.010313},
  number    = {1},
  journal   = {PRX Quantum},
  publisher = {American Physical Society (APS)},
  author    = {Holmes, Zoë and Sharma, Kunal and Cerezo, M. and Coles, Patrick J.},
  year      = {2022},
  month     = jan
}

@misc{hinton2012improvingneuralnetworkspreventing,
  title         = {Improving neural networks by preventing co-adaptation of feature detectors},
  author        = {Geoffrey E. Hinton and Nitish Srivastava and Alex Krizhevsky and Ilya Sutskever and Ruslan R. Salakhutdinov},
  year          = {2012},
  eprint        = {1207.0580},
  archiveprefix = {arXiv},
  primaryclass  = {cs.NE},
  url           = {https://arxiv.org/abs/1207.0580}
}


@inproceedings{pmlr-v28-wan13,
  title     = {Regularization of Neural Networks using DropConnect},
  author    = {Wan, Li and Zeiler, Matthew and Zhang, Sixin and Le Cun, Yann and Fergus, Rob},
  booktitle = {Proceedings of the 30th International Conference on Machine Learning},
  pages     = {1058--1066},
  year      = {2013},
  editor    = {Dasgupta, Sanjoy and McAllester, David},
  volume    = {28},
  number    = {3},
  series    = {Proceedings of Machine Learning Research},
  address   = {Atlanta, Georgia, USA},
  month     = {17--19 Jun},
  publisher = {PMLR},
  pdf       = {http://proceedings.mlr.press/v28/wan13.pdf},
  url       = {https://proceedings.mlr.press/v28/wan13.html},
  abstract  = {We introduce DropConnect, a generalization of DropOut, for regularizing large fully-connected layers within neural networks. When training with Dropout, a randomly selected subset of activations are set to zero within each layer. DropConnect instead sets a randomly selected subset of weights within the network to zero. Each unit thus receives input from a random subset of units in the previous layer. We derive a bound on the generalization performance of both Dropout and DropConnect. We then evaluate DropConnect on a range of datasets, comparing to Dropout, and show state-of-the-art results on several image recoginition benchmarks can be obtained by aggregating multiple DropConnect-trained models.}
}


@article{Scala_2023,
  title     = {A General Approach to Dropout in Quantum Neural Networks},
  issn      = {2511-9044},
  url       = {http://dx.doi.org/10.1002/qute.202300220},
  doi       = {10.1002/qute.202300220},
  journal   = {Advanced Quantum Technologies},
  publisher = {Wiley},
  author    = {Scala, Francesco and Ceschini, Andrea and Panella, Massimo and Gerace, Dario},
  year      = {2023},
  month     = dec
}

@article{Efthymiou_2021,
  title     = {Qibo: a framework for quantum simulation with hardware acceleration},
  volume    = {7},
  issn      = {2058-9565},
  url       = {http://dx.doi.org/10.1088/2058-9565/ac39f5},
  doi       = {10.1088/2058-9565/ac39f5},
  number    = {1},
  journal   = {Quantum Science and Technology},
  publisher = {IOP Publishing},
  author    = {Efthymiou, Stavros and Ramos-Calderer, Sergi and Bravo-Prieto, Carlos and Pérez-Salinas, Adrián and García-Martín, Diego and Garcia-Saez, Artur and Latorre, José Ignacio and Carrazza, Stefano},
  year      = {2021},
  month     = dec,
  pages     = {015018}
}

@misc{paszke2019pytorchimperativestylehighperformance,
  title         = {PyTorch: An Imperative Style, High-Performance Deep Learning Library},
  author        = {Adam Paszke and Sam Gross and Francisco Massa and Adam Lerer and James Bradbury and Gregory Chanan and Trevor Killeen and Zeming Lin and Natalia Gimelshein and Luca Antiga and Alban Desmaison and Andreas Köpf and Edward Yang and Zach DeVito and Martin Raison and Alykhan Tejani and Sasank Chilamkurthy and Benoit Steiner and Lu Fang and Junjie Bai and Soumith Chintala},
  year          = {2019},
  eprint        = {1912.01703},
  archiveprefix = {arXiv},
  primaryclass  = {cs.LG},
  url           = {https://arxiv.org/abs/1912.01703}
}

@misc{abadi2016tensorflowlargescalemachinelearning,
  title         = {TensorFlow: A system for large-scale machine learning},
  author        = {Martín Abadi and Paul Barham and Jianmin Chen and Zhifeng Chen and Andy Davis and Jeffrey Dean and Matthieu Devin and Sanjay Ghemawat and Geoffrey Irving and Michael Isard and Manjunath Kudlur and Josh Levenberg and Rajat Monga and Sherry Moore and Derek G. Murray and Benoit Steiner and Paul Tucker and Vijay Vasudevan and Pete Warden and Martin Wicke and Yuan Yu and Xiaoqiang Zheng},
  year          = {2016},
  eprint        = {1605.08695},
  archiveprefix = {arXiv},
  primaryclass  = {cs.DC},
  url           = {https://arxiv.org/abs/1605.08695}
}

@misc{farhi2014quantumapproximateoptimizationalgorithm,
  title         = {A Quantum Approximate Optimization Algorithm},
  author        = {Edward Farhi and Jeffrey Goldstone and Sam Gutmann},
  year          = {2014},
  eprint        = {1411.4028},
  archiveprefix = {arXiv},
  primaryclass  = {quant-ph},
  url           = {https://arxiv.org/abs/1411.4028}
}

@article{Huggins_2019,
  title     = {Towards quantum machine learning with tensor networks},
  volume    = {4},
  issn      = {2058-9565},
  url       = {http://dx.doi.org/10.1088/2058-9565/aaea94},
  doi       = {10.1088/2058-9565/aaea94},
  number    = {2},
  journal   = {Quantum Science and Technology},
  publisher = {IOP Publishing},
  author    = {Huggins, William and Patil, Piyush and Mitchell, Bradley and Whaley, K Birgitta and Stoudenmire, E Miles},
  year      = {2019},
  month     = jan,
  pages     = {024001}
}

@article{Romero_2017,
  title     = {Quantum autoencoders for efficient compression of quantum data},
  volume    = {2},
  issn      = {2058-9565},
  url       = {http://dx.doi.org/10.1088/2058-9565/aa8072},
  doi       = {10.1088/2058-9565/aa8072},
  number    = {4},
  journal   = {Quantum Science and Technology},
  publisher = {IOP Publishing},
  author    = {Romero, Jonathan and Olson, Jonathan P and Aspuru-Guzik, Alan},
  year      = {2017},
  month     = aug,
  pages     = {045001}
}

@misc{henderson2019quanvolutionalneuralnetworkspowering,
  title         = {Quanvolutional Neural Networks: Powering Image Recognition with Quantum Circuits},
  author        = {Maxwell Henderson and Samriddhi Shakya and Shashindra Pradhan and Tristan Cook},
  year          = {2019},
  eprint        = {1904.04767},
  archiveprefix = {arXiv},
  primaryclass  = {quant-ph},
  url           = {https://arxiv.org/abs/1904.04767}
}

@article{Efthymiou_2024,
  title     = {Qibolab: an open-source hybrid quantum operating system},
  volume    = {8},
  issn      = {2521-327X},
  url       = {http://dx.doi.org/10.22331/q-2024-02-12-1247},
  doi       = {10.22331/q-2024-02-12-1247},
  journal   = {Quantum},
  publisher = {Verein zur Forderung des Open Access Publizierens in den Quantenwissenschaften},
  author    = {Efthymiou, Stavros and Orgaz-Fuertes, Alvaro and Carobene, Rodolfo and Cereijo, Juan and Pasquale, Andrea and Ramos-Calderer, Sergi and Bordoni, Simone and Fuentes-Ruiz, David and Candido, Alessandro and Pedicillo, Edoardo and Robbiati, Matteo and Tan, Yuanzheng Paul and Wilkens, Jadwiga and Roth, Ingo and Latorre, José Ignacio and Carrazza, Stefano},
  year      = {2024},
  month     = feb,
  pages     = {1247}
}

@misc{grover1996fastquantummechanicalalgorithm,
  title         = {A fast quantum mechanical algorithm for database search},
  author        = {Lov K. Grover},
  year          = {1996},
  eprint        = {quant-ph/9605043},
  archiveprefix = {arXiv},
  primaryclass  = {quant-ph},
  url           = {https://arxiv.org/abs/quant-ph/9605043}
}

@article{Shor_1997,
  title     = {Polynomial-Time Algorithms for Prime Factorization and Discrete Logarithms on a Quantum Computer},
  volume    = {26},
  issn      = {1095-7111},
  url       = {http://dx.doi.org/10.1137/S0097539795293172},
  doi       = {10.1137/s0097539795293172},
  number    = {5},
  journal   = {SIAM Journal on Computing},
  publisher = {Society for Industrial & Applied Mathematics (SIAM)},
  author    = {Shor, Peter W.},
  year      = {1997},
  month     = oct,
  pages     = {1484–1509}
}

@article{Sim_2019,
  title     = {Expressibility and Entangling Capability of Parameterized Quantum Circuits for Hybrid Quantum‐Classical Algorithms},
  volume    = {2},
  issn      = {2511-9044},
  url       = {http://dx.doi.org/10.1002/qute.201900070},
  doi       = {10.1002/qute.201900070},
  number    = {12},
  journal   = {Advanced Quantum Technologies},
  publisher = {Wiley},
  author    = {Sim, Sukin and Johnson, Peter D. and Aspuru‐Guzik, Alán},
  year      = {2019},
  month     = oct
}

@article{Bravo_Prieto_2020,
  title     = {Scaling of variational quantum circuit depth for condensed matter systems},
  volume    = {4},
  issn      = {2521-327X},
  url       = {http://dx.doi.org/10.22331/q-2020-05-28-272},
  doi       = {10.22331/q-2020-05-28-272},
  journal   = {Quantum},
  publisher = {Verein zur Forderung des Open Access Publizierens in den Quantenwissenschaften},
  author    = {Bravo-Prieto, Carlos and Lumbreras-Zarapico, Josep and Tagliacozzo, Luca and Latorre, José I.},
  year      = {2020},
  month     = may,
  pages     = {272}
}

@article{Wu_2021,
  title     = {Expressivity of quantum neural networks},
  volume    = {3},
  issn      = {2643-1564},
  url       = {http://dx.doi.org/10.1103/PhysRevResearch.3.L032049},
  doi       = {10.1103/physrevresearch.3.l032049},
  number    = {3},
  journal   = {Physical Review Research},
  publisher = {American Physical Society (APS)},
  author    = {Wu, Yadong and Yao, Juan and Zhang, Pengfei and Zhai, Hui},
  year      = {2021},
  month     = aug
}

@article{Herman_2023,
  title     = {Expressivity of Variational Quantum Machine Learning on the Boolean Cube},
  volume    = {4},
  issn      = {2689-1808},
  url       = {http://dx.doi.org/10.1109/TQE.2023.3255206},
  doi       = {10.1109/tqe.2023.3255206},
  journal   = {IEEE Transactions on Quantum Engineering},
  publisher = {Institute of Electrical and Electronics Engineers (IEEE)},
  author    = {Herman, Dylan and Raymond, Rudy and Li, Muyuan and Robles, Nicolas and Mezzacapo, Antonio and Pistoia, Marco},
  year      = {2023},
  pages     = {1–18}
}

@article{Haug_2021,
  title     = {Capacity and Quantum Geometry of Parametrized Quantum Circuits},
  volume    = {2},
  issn      = {2691-3399},
  url       = {http://dx.doi.org/10.1103/PRXQuantum.2.040309},
  doi       = {10.1103/prxquantum.2.040309},
  number    = {4},
  journal   = {PRX Quantum},
  publisher = {American Physical Society (APS)},
  author    = {Haug, Tobias and Bharti, Kishor and Kim, M.S.},
  year      = {2021},
  month     = oct
}

@article{McClean_2018,
  title     = {Barren plateaus in quantum neural network training landscapes},
  volume    = {9},
  issn      = {2041-1723},
  url       = {http://dx.doi.org/10.1038/s41467-018-07090-4},
  doi       = {10.1038/s41467-018-07090-4},
  number    = {1},
  journal   = {Nature Communications},
  publisher = {Springer Science and Business Media LLC},
  author    = {McClean, Jarrod R. and Boixo, Sergio and Smelyanskiy, Vadim N. and Babbush, Ryan and Neven, Hartmut},
  year      = {2018},
  month     = nov
}

@article{Cerezo_2021,
  title     = {Cost function dependent barren plateaus in shallow parametrized quantum circuits},
  volume    = {12},
  issn      = {2041-1723},
  url       = {http://dx.doi.org/10.1038/s41467-021-21728-w},
  doi       = {10.1038/s41467-021-21728-w},
  number    = {1},
  journal   = {Nature Communications},
  publisher = {Springer Science and Business Media LLC},
  author    = {Cerezo, M. and Sone, Akira and Volkoff, Tyler and Cincio, Lukasz and Coles, Patrick J.},
  year      = {2021},
  month     = mar
}

@article{Arrasmith_2021,
  title     = {Effect of barren plateaus on gradient-free optimization},
  volume    = {5},
  issn      = {2521-327X},
  url       = {http://dx.doi.org/10.22331/q-2021-10-05-558},
  doi       = {10.22331/q-2021-10-05-558},
  journal   = {Quantum},
  publisher = {Verein zur Forderung des Open Access Publizierens in den Quantenwissenschaften},
  author    = {Arrasmith, Andrew and Cerezo, M. and Czarnik, Piotr and Cincio, Lukasz and Coles, Patrick J.},
  year      = {2021},
  month     = oct,
  pages     = {558}
}

@article{Kim_2021,
  title     = {Universal effectiveness of high-depth circuits in variational eigenproblems},
  volume    = {3},
  issn      = {2643-1564},
  url       = {http://dx.doi.org/10.1103/PhysRevResearch.3.023203},
  doi       = {10.1103/physrevresearch.3.023203},
  number    = {2},
  journal   = {Physical Review Research},
  publisher = {American Physical Society (APS)},
  author    = {Kim, Joonho and Kim, Jaedeok and Rosa, Dario},
  year      = {2021},
  month     = jun
}

@article{Wang_2021,
  title     = {Noise-induced barren plateaus in variational quantum algorithms},
  volume    = {12},
  issn      = {2041-1723},
  url       = {http://dx.doi.org/10.1038/s41467-021-27045-6},
  doi       = {10.1038/s41467-021-27045-6},
  number    = {1},
  journal   = {Nature Communications},
  publisher = {Springer Science and Business Media LLC},
  author    = {Wang, Samson and Fontana, Enrico and Cerezo, M. and Sharma, Kunal and Sone, Akira and Cincio, Lukasz and Coles, Patrick J.},
  year      = {2021},
  month     = nov
}

@article{Pesah_2021,
  title     = {Absence of Barren Plateaus in Quantum Convolutional Neural Networks},
  volume    = {11},
  issn      = {2160-3308},
  url       = {http://dx.doi.org/10.1103/PhysRevX.11.041011},
  doi       = {10.1103/physrevx.11.041011},
  number    = {4},
  journal   = {Physical Review X},
  publisher = {American Physical Society (APS)},
  author    = {Pesah, Arthur and Cerezo, M. and Wang, Samson and Volkoff, Tyler and Sornborger, Andrew T. and Coles, Patrick J.},
  year      = {2021},
  month     = oct
}

@misc{marrero2021,
  title         = {Entanglement Induced Barren Plateaus},
  author        = {Carlos Ortiz Marrero and Mária Kieferová and Nathan Wiebe},
  year          = {2021},
  eprint        = {2010.15968},
  archiveprefix = {arXiv},
  primaryclass  = {quant-ph},
  url           = {https://arxiv.org/abs/2010.15968}
}

@article{Larocca_2023,
  title     = {Theory of overparametrization in quantum neural networks},
  volume    = {3},
  issn      = {2662-8457},
  url       = {http://dx.doi.org/10.1038/s43588-023-00467-6},
  doi       = {10.1038/s43588-023-00467-6},
  number    = {6},
  journal   = {Nature Computational Science},
  publisher = {Springer Science and Business Media LLC},
  author    = {Larocca, Martín and Ju, Nathan and García-Martín, Diego and Coles, Patrick J. and Cerezo, Marco},
  year      = {2023},
  month     = jun
}

@article{Caro_2020,
  title     = {Pseudo-dimension of quantum circuits},
  volume    = {2},
  issn      = {2524-4914},
  url       = {http://dx.doi.org/10.1007/s42484-020-00027-5},
  doi       = {10.1007/s42484-020-00027-5},
  number    = {2},
  journal   = {Quantum Machine Intelligence},
  publisher = {Springer Science and Business Media LLC},
  author    = {Caro, Matthias C. and Datta, Ishaun},
  year      = {2020},
  month     = nov
}

@article{Abbas_2021,
  title     = {The power of quantum neural networks},
  volume    = {1},
  issn      = {2662-8457},
  url       = {http://dx.doi.org/10.1038/s43588-021-00084-1},
  doi       = {10.1038/s43588-021-00084-1},
  number    = {6},
  journal   = {Nature Computational Science},
  publisher = {Springer Science and Business Media LLC},
  author    = {Abbas, Amira and Sutter, David and Zoufal, Christa and Lucchi, Aurelien and Figalli, Alessio and Woerner, Stefan},
  year      = {2021},
  month     = jun,
  pages     = {403–409}
}

@article{Banchi_2021,
  title     = {Generalization in Quantum Machine Learning: A Quantum Information Standpoint},
  volume    = {2},
  issn      = {2691-3399},
  url       = {http://dx.doi.org/10.1103/PRXQuantum.2.040321},
  doi       = {10.1103/prxquantum.2.040321},
  number    = {4},
  journal   = {PRX Quantum},
  publisher = {American Physical Society (APS)},
  author    = {Banchi, Leonardo and Pereira, Jason and Pirandola, Stefano},
  year      = {2021},
  month     = nov
}

@article{Bu_2023,
  title     = {Effects of quantum resources and noise on the statistical complexity of quantum circuits},
  volume    = {8},
  issn      = {2058-9565},
  url       = {http://dx.doi.org/10.1088/2058-9565/acb56a},
  doi       = {10.1088/2058-9565/acb56a},
  number    = {2},
  journal   = {Quantum Science and Technology},
  publisher = {IOP Publishing},
  author    = {Bu, Kaifeng and Koh, Dax Enshan and Li, Lu and Luo, Qingxian and Zhang, Yaobo},
  year      = {2023},
  month     = feb,
  pages     = {025013}
}

@misc{bu2021,
  title         = {Rademacher complexity of noisy quantum circuits},
  author        = {Kaifeng Bu and Dax Enshan Koh and Lu Li and Qingxian Luo and Yaobo Zhang},
  year          = {2021},
  eprint        = {2103.03139},
  archiveprefix = {arXiv},
  primaryclass  = {quant-ph},
  url           = {https://arxiv.org/abs/2103.03139}
}

@article{Bu_2022,
  title     = {Statistical complexity of quantum circuits},
  volume    = {105},
  issn      = {2469-9934},
  url       = {http://dx.doi.org/10.1103/PhysRevA.105.062431},
  doi       = {10.1103/physreva.105.062431},
  number    = {6},
  journal   = {Physical Review A},
  publisher = {American Physical Society (APS)},
  author    = {Bu, Kaifeng and Koh, Dax Enshan and Li, Lu and Luo, Qingxian and Zhang, Yaobo},
  year      = {2022},
  month     = jun
}

@article{Du_2022,
  title     = {Efficient Measure for the Expressivity of Variational Quantum Algorithms},
  volume    = {128},
  issn      = {1079-7114},
  url       = {http://dx.doi.org/10.1103/PhysRevLett.128.080506},
  doi       = {10.1103/physrevlett.128.080506},
  number    = {8},
  journal   = {Physical Review Letters},
  publisher = {American Physical Society (APS)},
  author    = {Du, Yuxuan and Tu, Zhuozhuo and Yuan, Xiao and Tao, Dacheng},
  year      = {2022},
  month     = feb
}

@article{Peters_2023,
  title     = {Generalization despite overfitting in quantum machine learning models},
  volume    = {7},
  issn      = {2521-327X},
  url       = {http://dx.doi.org/10.22331/q-2023-12-20-1210},
  doi       = {10.22331/q-2023-12-20-1210},
  journal   = {Quantum},
  publisher = {Verein zur Forderung des Open Access Publizierens in den Quantenwissenschaften},
  author    = {Peters, Evan and Schuld, Maria},
  year      = {2023},
  month     = dec,
  pages     = {1210}
}

@article{Caro_2023,
  title     = {Out-of-distribution generalization for learning quantum dynamics},
  volume    = {14},
  issn      = {2041-1723},
  url       = {http://dx.doi.org/10.1038/s41467-023-39381-w},
  doi       = {10.1038/s41467-023-39381-w},
  number    = {1},
  journal   = {Nature Communications},
  publisher = {Springer Science and Business Media LLC},
  author    = {Caro, Matthias C. and Huang, Hsin-Yuan and Ezzell, Nicholas and Gibbs, Joe and Sornborger, Andrew T. and Cincio, Lukasz and Coles, Patrick J. and Holmes, Zoë},
  year      = {2023},
  month     = jul
}

@article{Arrasmith_2022,
  title     = {Equivalence of quantum barren plateaus to cost concentration and narrow gorges},
  volume    = {7},
  issn      = {2058-9565},
  url       = {http://dx.doi.org/10.1088/2058-9565/ac7d06},
  doi       = {10.1088/2058-9565/ac7d06},
  number    = {4},
  journal   = {Quantum Science and Technology},
  publisher = {IOP Publishing},
  author    = {Arrasmith, Andrew and Holmes, Zoë and Cerezo, M and Coles, Patrick J},
  year      = {2022},
  month     = aug,
  pages     = {045015}
}

@article{P_rez_Salinas_2024,
  title     = {Analyzing variational quantum landscapes with information content},
  volume    = {10},
  issn      = {2056-6387},
  url       = {http://dx.doi.org/10.1038/s41534-024-00819-8},
  doi       = {10.1038/s41534-024-00819-8},
  number    = {1},
  journal   = {npj Quantum Information},
  publisher = {Springer Science and Business Media LLC},
  author    = {Pérez-Salinas, Adrián and Wang, Hao and Bonet-Monroig, Xavier},
  year      = {2024},
  month     = feb
}

@article{Sack_2022,
  title     = {Avoiding Barren Plateaus Using Classical Shadows},
  volume    = {3},
  issn      = {2691-3399},
  url       = {http://dx.doi.org/10.1103/PRXQuantum.3.020365},
  doi       = {10.1103/prxquantum.3.020365},
  number    = {2},
  journal   = {PRX Quantum},
  publisher = {American Physical Society (APS)},
  author    = {Sack, Stefan H. and Medina, Raimel A. and Michailidis, Alexios A. and Kueng, Richard and Serbyn, Maksym},
  year      = {2022},
  month     = jun
}

@misc{okumura2023,
  title         = {Fourier coefficient of parameterized quantum circuits and barren plateau problem},
  author        = {Shun Okumura and Masayuki Ohzeki},
  year          = {2023},
  eprint        = {2309.06740},
  archiveprefix = {arXiv},
  primaryclass  = {quant-ph},
  url           = {https://arxiv.org/abs/2309.06740}
}

@article{Nemkov_2023,
  title     = {Fourier expansion in variational quantum algorithms},
  volume    = {108},
  issn      = {2469-9934},
  url       = {http://dx.doi.org/10.1103/PhysRevA.108.032406},
  doi       = {10.1103/physreva.108.032406},
  number    = {3},
  journal   = {Physical Review A},
  publisher = {American Physical Society (APS)},
  author    = {Nemkov, Nikita A. and Kiktenko, Evgeniy O. and Fedorov, Aleksey K.},
  year      = {2023},
  month     = sep
}

@article{P_rez_Salinas_2020,
  title     = {Data re-uploading for a universal quantum classifier},
  volume    = {4},
  issn      = {2521-327X},
  url       = {http://dx.doi.org/10.22331/q-2020-02-06-226},
  doi       = {10.22331/q-2020-02-06-226},
  journal   = {Quantum},
  publisher = {Verein zur Forderung des Open Access Publizierens in den Quantenwissenschaften},
  author    = {Pérez-Salinas, Adrián and Cervera-Lierta, Alba and Gil-Fuster, Elies and Latorre, José I.},
  year      = {2020},
  month     = feb,
  pages     = {226}
}

@article{Schuld_2021,
  title     = {Effect of data encoding on the expressive power of variational quantum-machine-learning models},
  volume    = {103},
  issn      = {2469-9934},
  url       = {http://dx.doi.org/10.1103/PhysRevA.103.032430},
  doi       = {10.1103/physreva.103.032430},
  number    = {3},
  journal   = {Physical Review A},
  publisher = {American Physical Society (APS)},
  author    = {Schuld, Maria and Sweke, Ryan and Meyer, Johannes Jakob},
  year      = {2021},
  month     = mar
}
