@article{Paris_2012,
  title     = {The modern tools of quantum mechanics: A tutorial on quantum states, measurements, and operations},
  volume    = {203},
  issn      = {1951-6401},
  url       = {http://dx.doi.org/10.1140/epjst/e2012-01535-1},
  doi       = {10.1140/epjst/e2012-01535-1},
  number    = {1},
  journal   = {The European Physical Journal Special Topics},
  publisher = {Springer Science and Business Media LLC},
  author    = {Paris, M. G. A.},
  year      = {2012},
  month     = apr,
  pages     = {61–86}
}

@article{Raussendorf_2002,
  title     = {The one-way quantum computer--a non-network model of quantum computation},
  volume    = {49},
  issn      = {1362-3044},
  url       = {http://dx.doi.org/10.1080/09500340110107487},
  doi       = {10.1080/09500340110107487},
  number    = {8},
  journal   = {Journal of Modern Optics},
  publisher = {Informa UK Limited},
  author    = {Raussendorf, Robert and Browne, Daniel and Briegel, Hans},
  year      = {2002},
  month     = jul,
  pages     = {1299–1306}
}